@misc{ Dev,
       author = "V. Devanathan",
       title = "Angular Momentum Techniques in Quantum Mechanics",
       year = "1999" }
       
@misc{ LL,
       author = "Lev D. Landau, Evgeny M. Lifshitz",
       title = "Quantum Mechanics: Non Relativistic Theory",
       year = "1964" }