@ARTICLE{JAJ,
   AUTHOR  = {Jones, Jonathan},
   TITLE   = {NUCLEAR MAGNETIC RESONANCE QUANTUM
COMPUTATION},
   YEAR    = {1999},
   JOURNAL = {Springer-Verlag, Clarendon Library, Oxford},
   PAGES = {3-4}
}

@misc{npb,
       author = "The Nobel Prize Foundation",
       title = "{The Nobel Prize in Physics 1952}",
       year = "1952" }
       
@misc{me,
       author = "Anurag Pallaprolu",
       title = "{Angular Momentum In Quantum Mechanics: A Survey(unpublished)}",
       year = "2014" }
       
@ARTICLE{jph,
   AUTHOR  = {Hornak, Joseph},
   TITLE   = {Concepts in {NMR} Spectroscopy},
   YEAR    = {1996,1997},
   JOURNAL = {Rochester Institute Of Technology},
   PAGES = {13-15}
}

@ARTICLE{acadml,
   AUTHOR  = {A. Carrington, A.D. McLachlan},
   TITLE   = {Introduction To Magnetic Resonance},
   YEAR    = {1967},
   JOURNAL = {Chapman and Hall, London},
}
@ARTICLE{Feyn,
   AUTHOR  = {Feynman, Robert Leighton, Richard},
   TITLE   = {{The Exponential Atmosphere, The Feynman Lectures In Physics: Volume 1}},
   YEAR    = {2001},
   JOURNAL = {Pearson Prentice Hall, New Jersey},
}

@ARTICLE{ohio,
   AUTHOR  = {Zhigang Zhang Goong Chen Zijian Diao Philip R. Hemmer},
   TITLE   = {{NMR Quantum Computing}},
   YEAR    = {2005},
   JOURNAL = {Ohio University: http://www.ohio.edu/people/diao/papers/nmr.pdf},
   PAGES = {3-4}
}
@ARTICLE{dirac,
   AUTHOR  = {Paul Adrien Maurice Dirac},
   TITLE   = {{The Quantum Theory of the Electron}},
   YEAR    = {1928	},
   JOURNAL = {Proc. R. Soc. Lond, London},
}
@ARTICLE{corn,
   AUTHOR  = {John F. Cornwell},
   TITLE   = {{Group Theory In Physics: Volume 1}},
   YEAR    = {1984},
   JOURNAL = {Academic Press, London},
}

@ARTICLE{mni,
   AUTHOR  = {Michael A. Nielsen, Isaac L. Chuang},
   TITLE   = {{Quantum Computation and Quantum Information}},
   YEAR    = {2013},
   JOURNAL = {Cambridge University Press, Cambridge},
}

@ARTICLE{ddv,
   AUTHOR  = {DiVicenzo, David Paul},
   TITLE   = {Two-Bit Gates are universal for quantum computing},
   YEAR    = {February, 1995},
   JOURNAL = {Phys. Rev. Let. A, Vol 51, 2, TJ Watson Research Center, NY}
}
@ARTICLE{ethz,
   AUTHOR  = {{Lieven Vandersypen, Andreas Wallraff}},
   TITLE   = {{NMR Quantum Computing Primer}},
   YEAR    = {2005},
   JOURNAL = {IBM Almaden Research Center, Reprinted at ETH Zurich}
}

@ARTICLE{gnc,
   AUTHOR  = {{Neil A. Gershenfeld, Isaac L. Chuang}},
   TITLE   = {{Bulk Spin-Resonance Quantum Computation}},
   YEAR    = {January 1997},
   JOURNAL = {Science Vol. 275 no. 5298 pp. 350-356 }
}

@ARTICLE{kit,
   AUTHOR  = {{Alexei Kitaev}},
   TITLE   = {{Fault-tolerant quantum computation by anyons}},
   YEAR    = {February 2008},
   JOURNAL = {arXiv Reprint: quant-ph/9707021v1. L.D.Landau Institute for Theoretical Physics, Moscow.}
}

@ARTICLE{ddv1,
   AUTHOR  = {{David P. DiVincenzo}},
   TITLE   = {{The Physical Implementation of Quantum Computation}},
   YEAR    = {April 2000},
   JOURNAL = {arXiv Reprint: quant-ph/0002077v3. IBM T.J. Watson Research Center, New York}
}